<?xml version="1.0" encoding="UTF-8"?><collection xmlns="http://www.loc.gov/MARC21/slim"><record><leader>00432nam--2200133-i-4500</leader><controlfield tag="001">000012139</controlfield><controlfield tag="002">20161230</controlfield><controlfield tag="005">20161230201029</controlfield><controlfield tag="008">060222s1000------------r-----000-0-eng-d</controlfield><datafield ind1=" " ind2=" " tag="080"><subfield code="a">537.531(045)</subfield></datafield><datafield ind1=" " ind2=" " tag="100"><subfield code="a">Cauchois, Yvette Et Hulubei, Horia</subfield></datafield><datafield ind1=" " ind2=" " tag="245"><subfield code="a">Raies blanches et noires (non caracteristiques dans les spectres de rayons x obtenus par diff raction cristalline</subfield></datafield><datafield ind1=" " ind2=" " tag="260"><subfield code="a">Paris, Gauthier-villars, 1938. 3 P</subfield></datafield><datafield ind1=" " ind2=" " tag="852"><subfield code="a">44679</subfield></datafield></record></collection>